@misc{dahlgaard2017fast,
      title={Fast Similarity Sketching}, 
      author={Søren Dahlgaard and Mathias Bæk Tejs Knudsen and Mikkel Thorup},
      year={2017},
      eprint={1704.04370},
      archivePrefix={arXiv},
      primaryClass={cs.DS}
}
@misc{fast-similarity-search,
    author={Jakob Bæk Tejs Knudsen},
    title={Fast Similarity Search with Low Error Probability},
    year={2021}
}
@misc{vassilvitskii2018,
    author={Sergey Vassilvitskii},
    title={COMS 6998-12: Dealing with Massive Data (lecture notes, Columbia university)},
    year={2018}
}
@misc{li2011hashing,
      title={Hashing Algorithms for Large-Scale Learning}, 
      author={Ping Li and Anshumali Shrivastava and Joshua Moore and Arnd Christian Konig},
      year={2011},
      eprint={1106.0967},
      archivePrefix={arXiv},
      primaryClass={stat.ML}
}
@misc{broder1997minhash,
  author={Broder, A.Z.},
  booktitle={Proceedings. Compression and Complexity of SEQUENCES 1997 (Cat. No.97TB100171)}, 
  title={On the resemblance and containment of documents}, 
  year={1997},
  volume={},
  number={},
  pages={21-29},
  doi={10.1109/SEQUEN.1997.666900}
}

@article{ping2011theory,
author = {Li, Ping and K\"{o}nig, Arnd Christian},
title = {Theory and Applications of b-Bit Minwise Hashing},
year = {2011},
issue_date = {August 2011},
publisher = {Association for Computing Machinery},
address = {New York, NY, USA},
volume = {54},
number = {8},
issn = {0001-0782},
url = {https://doi.org/10.1145/1978542.1978566},
doi = {10.1145/1978542.1978566},
journal = {Commun. ACM},
month = aug,
pages = {101–109},
numpages = {9}
}
@article{classic-lsh,
author = {Gionis, Aristides and Indyk, Piotr and Motwani, Rajeev},
year = {2000},
month = {05},
pages = {},
title = {Similarity Search in High Dimensions via Hashing},
volume = {99},
journal = {Proceeding VLDB '99 Proceedings of the 25th International Conference on Very Large Data Bases}
}
@inproceedings{Indyk1998ApproximateNN,
  title={Approximate nearest neighbors: towards removing the curse of dimensionality},
  author={Piotr Indyk and Rajeev Motwani},
  booktitle={STOC '98},
  year={1998}
}
